%YAML 1.1
%TAG !u! tag:unity3d.com,2011:
--- !u!1 &2674967580775460798
GameObject:
  m_ObjectHideFlags: 0
  m_CorrespondingSourceObject: {fileID: 0}
  m_PrefabInstance: {fileID: 0}
  m_PrefabAsset: {fileID: 0}
  serializedVersion: 6
  m_Component:
  - component: {fileID: 2753791106849218167}
  - component: {fileID: 3949892910135015601}
  m_Layer: 0
  m_Name: '@GameplayManager@'
  m_TagString: Untagged
  m_Icon: {fileID: 0}
  m_NavMeshLayer: 0
  m_StaticEditorFlags: 0
  m_IsActive: 1
--- !u!4 &2753791106849218167
Transform:
  m_ObjectHideFlags: 0
  m_CorrespondingSourceObject: {fileID: 0}
  m_PrefabInstance: {fileID: 0}
  m_PrefabAsset: {fileID: 0}
  m_GameObject: {fileID: 2674967580775460798}
  m_LocalRotation: {x: 0, y: 0, z: 0, w: 1}
  m_LocalPosition: {x: 0, y: 0, z: 0}
  m_LocalScale: {x: 1, y: 1, z: 1}
  m_ConstrainProportionsScale: 0
  m_Children:
  - {fileID: 6085863684172356679}
  - {fileID: 7415292848636138626}
  - {fileID: 157760288352435875}
  - {fileID: 2172030604712905364}
  - {fileID: 8127560056884304190}
  m_Father: {fileID: 0}
  m_RootOrder: 0
  m_LocalEulerAnglesHint: {x: 0, y: 0, z: 0}
--- !u!114 &3949892910135015601
MonoBehaviour:
  m_ObjectHideFlags: 0
  m_CorrespondingSourceObject: {fileID: 0}
  m_PrefabInstance: {fileID: 0}
  m_PrefabAsset: {fileID: 0}
  m_GameObject: {fileID: 2674967580775460798}
  m_Enabled: 1
  m_EditorHideFlags: 0
  m_Script: {fileID: 11500000, guid: c42dea2fde3c4bcb97c2476e9d7a56c1, type: 3}
  m_Name: 
  m_EditorClassIdentifier: 
  canvas: {fileID: 0}
  uiManager: {fileID: 7440399159337252026}
  playerManager: {fileID: 6958868275781898996}
  cameraManager: {fileID: 2236995653817924965}
  vfxManager: {fileID: 7448910442345865163}
  localLocalNetworkManager: {fileID: 1206586404967156201}
--- !u!1001 &3609864323636979499
PrefabInstance:
  m_ObjectHideFlags: 0
  serializedVersion: 2
  m_Modification:
    m_TransformParent: {fileID: 2753791106849218167}
    m_Modifications:
    - target: {fileID: 557920362377395735, guid: e77a108872d997a428c853185a9a2a6c, type: 3}
      propertyPath: GlobalObjectIdHash
      value: 951099334
      objectReference: {fileID: 0}
    - target: {fileID: 2536876593988461966, guid: e77a108872d997a428c853185a9a2a6c, type: 3}
      propertyPath: m_Name
      value: '@NetworkManager@'
      objectReference: {fileID: 0}
    - target: {fileID: 4814968910459895317, guid: e77a108872d997a428c853185a9a2a6c, type: 3}
      propertyPath: m_RootOrder
      value: 4
      objectReference: {fileID: 0}
    - target: {fileID: 4814968910459895317, guid: e77a108872d997a428c853185a9a2a6c, type: 3}
      propertyPath: m_LocalPosition.x
      value: 0
      objectReference: {fileID: 0}
    - target: {fileID: 4814968910459895317, guid: e77a108872d997a428c853185a9a2a6c, type: 3}
      propertyPath: m_LocalPosition.y
      value: 0
      objectReference: {fileID: 0}
    - target: {fileID: 4814968910459895317, guid: e77a108872d997a428c853185a9a2a6c, type: 3}
      propertyPath: m_LocalPosition.z
      value: 0
      objectReference: {fileID: 0}
    - target: {fileID: 4814968910459895317, guid: e77a108872d997a428c853185a9a2a6c, type: 3}
      propertyPath: m_LocalRotation.w
      value: 1
      objectReference: {fileID: 0}
    - target: {fileID: 4814968910459895317, guid: e77a108872d997a428c853185a9a2a6c, type: 3}
      propertyPath: m_LocalRotation.x
      value: 0
      objectReference: {fileID: 0}
    - target: {fileID: 4814968910459895317, guid: e77a108872d997a428c853185a9a2a6c, type: 3}
      propertyPath: m_LocalRotation.y
      value: 0
      objectReference: {fileID: 0}
    - target: {fileID: 4814968910459895317, guid: e77a108872d997a428c853185a9a2a6c, type: 3}
      propertyPath: m_LocalRotation.z
      value: 0
      objectReference: {fileID: 0}
    - target: {fileID: 4814968910459895317, guid: e77a108872d997a428c853185a9a2a6c, type: 3}
      propertyPath: m_LocalEulerAnglesHint.x
      value: 0
      objectReference: {fileID: 0}
    - target: {fileID: 4814968910459895317, guid: e77a108872d997a428c853185a9a2a6c, type: 3}
      propertyPath: m_LocalEulerAnglesHint.y
      value: 0
      objectReference: {fileID: 0}
    - target: {fileID: 4814968910459895317, guid: e77a108872d997a428c853185a9a2a6c, type: 3}
      propertyPath: m_LocalEulerAnglesHint.z
      value: 0
      objectReference: {fileID: 0}
    m_RemovedComponents: []
  m_SourcePrefab: {fileID: 100100000, guid: e77a108872d997a428c853185a9a2a6c, type: 3}
--- !u!114 &1206586404967156201 stripped
MonoBehaviour:
  m_CorrespondingSourceObject: {fileID: 2496814472432119490, guid: e77a108872d997a428c853185a9a2a6c, type: 3}
  m_PrefabInstance: {fileID: 3609864323636979499}
  m_PrefabAsset: {fileID: 0}
  m_GameObject: {fileID: 0}
  m_Enabled: 1
  m_EditorHideFlags: 0
  m_Script: {fileID: 11500000, guid: fa88010216cd4cb9afb1179c1a7fbe92, type: 3}
  m_Name: 
  m_EditorClassIdentifier: 
--- !u!4 &8127560056884304190 stripped
Transform:
  m_CorrespondingSourceObject: {fileID: 4814968910459895317, guid: e77a108872d997a428c853185a9a2a6c, type: 3}
  m_PrefabInstance: {fileID: 3609864323636979499}
  m_PrefabAsset: {fileID: 0}
--- !u!1001 &4194369446772558360
PrefabInstance:
  m_ObjectHideFlags: 0
  serializedVersion: 2
  m_Modification:
    m_TransformParent: {fileID: 2753791106849218167}
    m_Modifications:
    - target: {fileID: 268905247176251276, guid: c1042817b3a1bf04c80d4e4f113c7254, type: 3}
      propertyPath: m_Name
      value: '@VFXManager@'
      objectReference: {fileID: 0}
    - target: {fileID: 2599138396149497996, guid: c1042817b3a1bf04c80d4e4f113c7254, type: 3}
      propertyPath: m_RootOrder
      value: 3
      objectReference: {fileID: 0}
    - target: {fileID: 2599138396149497996, guid: c1042817b3a1bf04c80d4e4f113c7254, type: 3}
      propertyPath: m_LocalPosition.x
      value: 0
      objectReference: {fileID: 0}
    - target: {fileID: 2599138396149497996, guid: c1042817b3a1bf04c80d4e4f113c7254, type: 3}
      propertyPath: m_LocalPosition.y
      value: 0
      objectReference: {fileID: 0}
    - target: {fileID: 2599138396149497996, guid: c1042817b3a1bf04c80d4e4f113c7254, type: 3}
      propertyPath: m_LocalPosition.z
      value: 0
      objectReference: {fileID: 0}
    - target: {fileID: 2599138396149497996, guid: c1042817b3a1bf04c80d4e4f113c7254, type: 3}
      propertyPath: m_LocalRotation.w
      value: 1
      objectReference: {fileID: 0}
    - target: {fileID: 2599138396149497996, guid: c1042817b3a1bf04c80d4e4f113c7254, type: 3}
      propertyPath: m_LocalRotation.x
      value: 0
      objectReference: {fileID: 0}
    - target: {fileID: 2599138396149497996, guid: c1042817b3a1bf04c80d4e4f113c7254, type: 3}
      propertyPath: m_LocalRotation.y
      value: 0
      objectReference: {fileID: 0}
    - target: {fileID: 2599138396149497996, guid: c1042817b3a1bf04c80d4e4f113c7254, type: 3}
      propertyPath: m_LocalRotation.z
      value: 0
      objectReference: {fileID: 0}
    - target: {fileID: 2599138396149497996, guid: c1042817b3a1bf04c80d4e4f113c7254, type: 3}
      propertyPath: m_LocalEulerAnglesHint.x
      value: 0
      objectReference: {fileID: 0}
    - target: {fileID: 2599138396149497996, guid: c1042817b3a1bf04c80d4e4f113c7254, type: 3}
      propertyPath: m_LocalEulerAnglesHint.y
      value: 0
      objectReference: {fileID: 0}
    - target: {fileID: 2599138396149497996, guid: c1042817b3a1bf04c80d4e4f113c7254, type: 3}
      propertyPath: m_LocalEulerAnglesHint.z
      value: 0
      objectReference: {fileID: 0}
    m_RemovedComponents: []
  m_SourcePrefab: {fileID: 100100000, guid: c1042817b3a1bf04c80d4e4f113c7254, type: 3}
--- !u!4 &2172030604712905364 stripped
Transform:
  m_CorrespondingSourceObject: {fileID: 2599138396149497996, guid: c1042817b3a1bf04c80d4e4f113c7254, type: 3}
  m_PrefabInstance: {fileID: 4194369446772558360}
  m_PrefabAsset: {fileID: 0}
--- !u!114 &7448910442345865163 stripped
MonoBehaviour:
  m_CorrespondingSourceObject: {fileID: 6731399708395722195, guid: c1042817b3a1bf04c80d4e4f113c7254, type: 3}
  m_PrefabInstance: {fileID: 4194369446772558360}
  m_PrefabAsset: {fileID: 0}
  m_GameObject: {fileID: 0}
  m_Enabled: 1
  m_EditorHideFlags: 0
  m_Script: {fileID: 11500000, guid: fb2b7b9515be4f07b66402680b90df3c, type: 3}
  m_Name: 
  m_EditorClassIdentifier: 
--- !u!1001 &4750224572236506139
PrefabInstance:
  m_ObjectHideFlags: 0
  serializedVersion: 2
  m_Modification:
    m_TransformParent: {fileID: 2753791106849218167}
    m_Modifications:
    - target: {fileID: 1556386000982653020, guid: f49dbf4d83605e7459389260f0e1a229, type: 3}
      propertyPath: m_RootOrder
      value: 0
      objectReference: {fileID: 0}
    - target: {fileID: 1556386000982653020, guid: f49dbf4d83605e7459389260f0e1a229, type: 3}
      propertyPath: m_LocalPosition.x
      value: 0
      objectReference: {fileID: 0}
    - target: {fileID: 1556386000982653020, guid: f49dbf4d83605e7459389260f0e1a229, type: 3}
      propertyPath: m_LocalPosition.y
      value: 0
      objectReference: {fileID: 0}
    - target: {fileID: 1556386000982653020, guid: f49dbf4d83605e7459389260f0e1a229, type: 3}
      propertyPath: m_LocalPosition.z
      value: 0
      objectReference: {fileID: 0}
    - target: {fileID: 1556386000982653020, guid: f49dbf4d83605e7459389260f0e1a229, type: 3}
      propertyPath: m_LocalRotation.w
      value: 1
      objectReference: {fileID: 0}
    - target: {fileID: 1556386000982653020, guid: f49dbf4d83605e7459389260f0e1a229, type: 3}
      propertyPath: m_LocalRotation.x
      value: 0
      objectReference: {fileID: 0}
    - target: {fileID: 1556386000982653020, guid: f49dbf4d83605e7459389260f0e1a229, type: 3}
      propertyPath: m_LocalRotation.y
      value: 0
      objectReference: {fileID: 0}
    - target: {fileID: 1556386000982653020, guid: f49dbf4d83605e7459389260f0e1a229, type: 3}
      propertyPath: m_LocalRotation.z
      value: 0
      objectReference: {fileID: 0}
    - target: {fileID: 1556386000982653020, guid: f49dbf4d83605e7459389260f0e1a229, type: 3}
      propertyPath: m_LocalEulerAnglesHint.x
      value: 0
      objectReference: {fileID: 0}
    - target: {fileID: 1556386000982653020, guid: f49dbf4d83605e7459389260f0e1a229, type: 3}
      propertyPath: m_LocalEulerAnglesHint.y
      value: 0
      objectReference: {fileID: 0}
    - target: {fileID: 1556386000982653020, guid: f49dbf4d83605e7459389260f0e1a229, type: 3}
      propertyPath: m_LocalEulerAnglesHint.z
      value: 0
      objectReference: {fileID: 0}
    - target: {fileID: 1781962032601997053, guid: f49dbf4d83605e7459389260f0e1a229, type: 3}
      propertyPath: m_Name
      value: '@CameraManager@'
      objectReference: {fileID: 0}
    m_RemovedComponents: []
  m_SourcePrefab: {fileID: 100100000, guid: f49dbf4d83605e7459389260f0e1a229, type: 3}
--- !u!114 &2236995653817924965 stripped
MonoBehaviour:
  m_CorrespondingSourceObject: {fileID: 6838530926617942398, guid: f49dbf4d83605e7459389260f0e1a229, type: 3}
  m_PrefabInstance: {fileID: 4750224572236506139}
  m_PrefabAsset: {fileID: 0}
  m_GameObject: {fileID: 0}
  m_Enabled: 1
  m_EditorHideFlags: 0
  m_Script: {fileID: 11500000, guid: 2a4fe3cfcbb5418fb8af741166a68e5e, type: 3}
  m_Name: 
  m_EditorClassIdentifier: 
--- !u!4 &6085863684172356679 stripped
Transform:
  m_CorrespondingSourceObject: {fileID: 1556386000982653020, guid: f49dbf4d83605e7459389260f0e1a229, type: 3}
  m_PrefabInstance: {fileID: 4750224572236506139}
  m_PrefabAsset: {fileID: 0}
--- !u!1001 &6582128702111777339
PrefabInstance:
  m_ObjectHideFlags: 0
  serializedVersion: 2
  m_Modification:
    m_TransformParent: {fileID: 2753791106849218167}
    m_Modifications:
    - target: {fileID: 4445055720701105849, guid: 826a0d6df419d8549b77c67b293ab015, type: 3}
      propertyPath: m_RootOrder
      value: 1
      objectReference: {fileID: 0}
    - target: {fileID: 4445055720701105849, guid: 826a0d6df419d8549b77c67b293ab015, type: 3}
      propertyPath: m_LocalPosition.x
      value: 0
      objectReference: {fileID: 0}
    - target: {fileID: 4445055720701105849, guid: 826a0d6df419d8549b77c67b293ab015, type: 3}
      propertyPath: m_LocalPosition.y
      value: 0
      objectReference: {fileID: 0}
    - target: {fileID: 4445055720701105849, guid: 826a0d6df419d8549b77c67b293ab015, type: 3}
      propertyPath: m_LocalPosition.z
      value: 0
      objectReference: {fileID: 0}
    - target: {fileID: 4445055720701105849, guid: 826a0d6df419d8549b77c67b293ab015, type: 3}
      propertyPath: m_LocalRotation.w
      value: 1
      objectReference: {fileID: 0}
    - target: {fileID: 4445055720701105849, guid: 826a0d6df419d8549b77c67b293ab015, type: 3}
      propertyPath: m_LocalRotation.x
      value: 0
      objectReference: {fileID: 0}
    - target: {fileID: 4445055720701105849, guid: 826a0d6df419d8549b77c67b293ab015, type: 3}
      propertyPath: m_LocalRotation.y
      value: 0
      objectReference: {fileID: 0}
    - target: {fileID: 4445055720701105849, guid: 826a0d6df419d8549b77c67b293ab015, type: 3}
      propertyPath: m_LocalRotation.z
      value: 0
      objectReference: {fileID: 0}
    - target: {fileID: 4445055720701105849, guid: 826a0d6df419d8549b77c67b293ab015, type: 3}
      propertyPath: m_LocalEulerAnglesHint.x
      value: 0
      objectReference: {fileID: 0}
    - target: {fileID: 4445055720701105849, guid: 826a0d6df419d8549b77c67b293ab015, type: 3}
      propertyPath: m_LocalEulerAnglesHint.y
      value: 0
      objectReference: {fileID: 0}
    - target: {fileID: 4445055720701105849, guid: 826a0d6df419d8549b77c67b293ab015, type: 3}
      propertyPath: m_LocalEulerAnglesHint.z
      value: 0
      objectReference: {fileID: 0}
    - target: {fileID: 5989219955265006185, guid: 826a0d6df419d8549b77c67b293ab015, type: 3}
      propertyPath: m_Name
      value: '@PlayerManager@'
      objectReference: {fileID: 0}
    m_RemovedComponents: []
  m_SourcePrefab: {fileID: 100100000, guid: 826a0d6df419d8549b77c67b293ab015, type: 3}
--- !u!114 &6958868275781898996 stripped
MonoBehaviour:
  m_CorrespondingSourceObject: {fileID: 4308457193758363855, guid: 826a0d6df419d8549b77c67b293ab015, type: 3}
  m_PrefabInstance: {fileID: 6582128702111777339}
  m_PrefabAsset: {fileID: 0}
  m_GameObject: {fileID: 0}
  m_Enabled: 1
  m_EditorHideFlags: 0
  m_Script: {fileID: 11500000, guid: 29734f5b6b8548d0b6e6fb09c6f5f95e, type: 3}
  m_Name: 
  m_EditorClassIdentifier: 
--- !u!4 &7415292848636138626 stripped
Transform:
  m_CorrespondingSourceObject: {fileID: 4445055720701105849, guid: 826a0d6df419d8549b77c67b293ab015, type: 3}
  m_PrefabInstance: {fileID: 6582128702111777339}
  m_PrefabAsset: {fileID: 0}
--- !u!1001 &7826221215340111129
PrefabInstance:
  m_ObjectHideFlags: 0
  serializedVersion: 2
  m_Modification:
    m_TransformParent: {fileID: 2753791106849218167}
    m_Modifications:
    - target: {fileID: 7063349439204808448, guid: 6cdead70d3159484f8b6c92800db4bf4, type: 3}
      propertyPath: m_Name
      value: '@UIManager@'
      objectReference: {fileID: 0}
    - target: {fileID: 7974793705864420282, guid: 6cdead70d3159484f8b6c92800db4bf4, type: 3}
      propertyPath: m_RootOrder
      value: 2
      objectReference: {fileID: 0}
    - target: {fileID: 7974793705864420282, guid: 6cdead70d3159484f8b6c92800db4bf4, type: 3}
      propertyPath: m_LocalPosition.x
      value: 0
      objectReference: {fileID: 0}
    - target: {fileID: 7974793705864420282, guid: 6cdead70d3159484f8b6c92800db4bf4, type: 3}
      propertyPath: m_LocalPosition.y
      value: 0
      objectReference: {fileID: 0}
    - target: {fileID: 7974793705864420282, guid: 6cdead70d3159484f8b6c92800db4bf4, type: 3}
      propertyPath: m_LocalPosition.z
      value: 0
      objectReference: {fileID: 0}
    - target: {fileID: 7974793705864420282, guid: 6cdead70d3159484f8b6c92800db4bf4, type: 3}
      propertyPath: m_LocalRotation.w
      value: 1
      objectReference: {fileID: 0}
    - target: {fileID: 7974793705864420282, guid: 6cdead70d3159484f8b6c92800db4bf4, type: 3}
      propertyPath: m_LocalRotation.x
      value: 0
      objectReference: {fileID: 0}
    - target: {fileID: 7974793705864420282, guid: 6cdead70d3159484f8b6c92800db4bf4, type: 3}
      propertyPath: m_LocalRotation.y
      value: 0
      objectReference: {fileID: 0}
    - target: {fileID: 7974793705864420282, guid: 6cdead70d3159484f8b6c92800db4bf4, type: 3}
      propertyPath: m_LocalRotation.z
      value: 0
      objectReference: {fileID: 0}
    - target: {fileID: 7974793705864420282, guid: 6cdead70d3159484f8b6c92800db4bf4, type: 3}
      propertyPath: m_LocalEulerAnglesHint.x
      value: 0
      objectReference: {fileID: 0}
    - target: {fileID: 7974793705864420282, guid: 6cdead70d3159484f8b6c92800db4bf4, type: 3}
      propertyPath: m_LocalEulerAnglesHint.y
      value: 0
      objectReference: {fileID: 0}
    - target: {fileID: 7974793705864420282, guid: 6cdead70d3159484f8b6c92800db4bf4, type: 3}
      propertyPath: m_LocalEulerAnglesHint.z
      value: 0
      objectReference: {fileID: 0}
    m_RemovedComponents: []
  m_SourcePrefab: {fileID: 100100000, guid: 6cdead70d3159484f8b6c92800db4bf4, type: 3}
--- !u!4 &157760288352435875 stripped
Transform:
  m_CorrespondingSourceObject: {fileID: 7974793705864420282, guid: 6cdead70d3159484f8b6c92800db4bf4, type: 3}
  m_PrefabInstance: {fileID: 7826221215340111129}
  m_PrefabAsset: {fileID: 0}
--- !u!114 &7440399159337252026 stripped
MonoBehaviour:
  m_CorrespondingSourceObject: {fileID: 855060676808298915, guid: 6cdead70d3159484f8b6c92800db4bf4, type: 3}
  m_PrefabInstance: {fileID: 7826221215340111129}
  m_PrefabAsset: {fileID: 0}
  m_GameObject: {fileID: 0}
  m_Enabled: 1
  m_EditorHideFlags: 0
  m_Script: {fileID: 11500000, guid: afa0fb5ea2584c7da7500ad8fb632248, type: 3}
  m_Name: 
  m_EditorClassIdentifier: 
